<record xmlns:xsi="http://www.w3.org/2001/XMLSchema-instance" xmlns="http://www.loc.gov/MARC21/slim" xsi:schemaLocation="http://www.loc.gov/MARC21/slim http://www.loc.gov/standards/marcxml/schema/MARC21slim.xsd">

  <leader>00957nam a2200181   4500</leader>
  <controlfield tag="008">150916b2014    c  ||||| |||| 00| | spa d</controlfield>
  <datafield tag="090" ind2=" " ind1=" ">
    <subfield code="a">Tesis # 59</subfield>
    <subfield code="b">CD # 256</subfield>
  </datafield>
  <datafield ind1="1" ind2=" " tag="100">
    <subfield code="9">1040</subfield>
    <subfield code="a">Garro Fallas, Jenny María</subfield>
  </datafield>
  <datafield ind1="1" ind2="0" tag="245">
    <subfield code="a">Estrategias didácticas y lúdicas para abordar el tema de acoso escolar con los estudiantes de noveno año del Liceo Dr. José María Castro Madriz /</subfield>
    <subfield code="c">Jenny María Garro Fallas</subfield>
  </datafield>
  <datafield ind1=" " ind2=" " tag="260">
    <subfield code="a">San José, Costa Rica :</subfield>
    <subfield code="b">J. Garro F.</subfield>
    <subfield code="c">2014</subfield>
  </datafield>
  <datafield tag="300" ind2=" " ind1=" ">
    <subfield code="a">218 páginas</subfield>
  </datafield>
  <datafield ind2=" " tag="500" ind1=" ">
    <subfield code="a">CD contiene: Manual para la aplicación de estrategias didácticas y lúdicas sobre el tema de acoso escolar</subfield>
  </datafield>
  <datafield tag="502" ind2=" " ind1=" ">
    <subfield code="a">Práctica dirigida (licenciatura en bibliotecología y ciencias de la información)--Universidad de Costa Rica. Facultad de Educación. Escuela de Bibliotecología y Ciencias de la Información</subfield>
  </datafield>
  <datafield ind1="1" ind2="4" tag="650">
    <subfield code="9">553</subfield>
    <subfield code="a">VIOLENCIA ESCOLAR</subfield>
  </datafield>
  <datafield tag="650" ind2="4" ind1="1">
    <subfield code="9">456</subfield>
    <subfield code="a">EDUCACIÓN SECUNDARIA</subfield>
  </datafield>
  <datafield ind1="1" tag="650" ind2="4">
    <subfield code="9">812</subfield>
    <subfield code="a">ESTRATEGIAS EDUCATIVAS</subfield>
  </datafield>
  <datafield ind1=" " ind2=" " tag="942">
    <subfield code="2">z</subfield>
    <subfield code="c">02</subfield>
  </datafield>
  <datafield ind1=" " ind2=" " tag="999">
    <subfield code="c">2875</subfield>
    <subfield code="d">2875</subfield>
  </datafield>
</record>